@article{liddy2001natural,
    title = {Natural language processing},
    journal = {Encyclopedia of Library and Information Science},
    author = {Liddy, Elizabeth D},
    year = {2001}
}
